% SB: This is the bib file.

@misc{ template,
  author = {Swarnendu Biswas},
  title = {{Ohio State College of Engineering MS/PhD Dissertation Template}},
  howpublished = {Online},
  year = 2016,
  month = {August},
  url = {https://github.com/swarnendubiswas/ohio-state-coe-dissertation-template},
}
